
%% This BibTeX bibliography file was created using BibDesk.
%% http://bibdesk.sourceforge.net/


%% Created for Tyler Barrington at 2013-03-15 02:16:54 -0400 


%% Saved with string encoding Unicode (UTF-8) 

@book{herlihy_bible,
  title={The Art of Multiprocessor Programming, Revised Reprint},
  author={Herlihy, Maurice and Shavit, Nir},
  year={2012},
  publisher={Elsevier}
}

@article{herlihy_table,
  title={A methodology for implementing highly concurrent data objects},
  author={Herlihy, Maurice},
  journal={ACM Transactions on Programming Languages and Systems (TOPLAS)},
  volume={15},
  number={5},
  pages={745--770},
  year={1993},
  publisher={ACM}
}

@inproceedings{tsigas_queue,
  title={A simple, fast and scalable non-blocking concurrent fifo queue for shared memory multiprocessor systems},
  author={Tsigas, Philippas and Zhang, Yi},
  booktitle={Proceedings of the thirteenth annual ACM symposium on Parallel algorithms and architectures},
  pages={134--143},
  year={2001},
  organization={ACM}
}

@inproceedings{kogan_fpsp,
  title={A methodology for creating fast wait-free data structures},
  author={Kogan, Alex and Petrank, Erez},
  booktitle={ACM SIGPLAN Notices},
  volume={47},
  pages={141--150},
  year={2012},
  organization={ACM}
}

@article{kogan_queues,
  title={Wait-free queues with multiple enqueuers and dequeuers},
  author={Kogan, Alex and Petrank, Erez},
  journal={ACM SIGPLAN Notices},
  volume={46},
  number={8},
  pages={223--234},
  year={2011},
  publisher={ACM}
}

@article{feldman_mcas,
  title={A Wait-Free Multi-Word Compare-and-Swap Operation},
  author={Feldman, Steven and LaBorde, Pierre and Dechev, Damian},
  journal={International Journal of Parallel Programming},
  pages={1--25},
  year={2014},
  publisher={Springer}
}

@article{feldman_vector,
  title={How to be a Big Noob},
  author={Feldman},
  journal={International Journal of Trolls and Nooblets},
  pages={1--2},
  year={2014},
  publisher={Troll King}
}

@incollection{harris_mcas,
  title={A practical multi-word compare-and-swap operation},
  author={Harris, Timothy L and Fraser, Keir and Pratt, Ian A},
  booktitle={Distributed Computing},
  pages={265--279},
  year={2002},
  publisher={Springer}
}

@article{krizhanovsky_queue,
  title={Lock-free multi-producer multi-consumer queue on ring buffer},
  author={Krizhanovsky, Alexander},
  journal={Linux Journal},
  volume={2013},
  number={228},
  pages={4},
  year={2013},
  publisher={Belltown Media}
}