@article{pugh1990skip,
    title={Skip lists: a probabilistic alternative to balanced trees},
    author={Pugh, William},
    journal={Communications of the ACM},
    volume={33},
    number={6},
    pages={668--676},
    year={1990},
    publisher={ACM}
}

@article{pugh1990concurrent,
    title={Concurrent maintenance of skip lists},
    author={Pugh, William},
    year={1990}
}

@article{sundell2005fast,
    title={Fast and lock-free concurrent priority queues for multi-thread systems},
    author={Sundell, H{\aa}kan and Tsigas, Philippas},
    journal={Journal of Parallel and Distributed Computing},
    volume={65},
    number={5},
    pages={609--627},
    year={2005},
    publisher={Elsevier}
}

@inproceedings{herlihy2006provably,
    title={A provably correct scalable concurrent skip list},
    author={Herlihy, Maurice and Lev, Yossi and Luchangco, Victor and Shavit, Nir},
    booktitle={Conference On Principles of Distributed Systems (OPODIS)},
    year={2006},
    organization={Citeseer}
}

@article{fraser2007concurrent,
    title={Concurrent programming without locks},
    author={Fraser, Keir and Harris, Tim},
    journal={ACM Transactions on Computer Systems (TOCS)},
    volume={25},
    number={2},
    pages={5},
    year={2007},
    publisher={ACM}
}

@article{burns2010best,
    title={Best-first heuristic search for multicore machines},
    author={Burns, Ethan and Lemons, Sofia and Ruml, Wheeler and Zhou, Rong},
    journal={Journal of Artificial Intelligence Research},
    volume={39},
    number={1},
    pages={689--743},
    year={2010}
}

@incollection{afek2010quasi,
    title={Quasi-linearizability: Relaxed consistency for improved concurrency},
    author={Afek, Yehuda and Korland, Guy and Yanovsky, Eitan},
    booktitle={Principles of Distributed Systems},
    pages={395--410},
    year={2010},
    publisher={Springer}
}

@inproceedings{henzinger2013quantitative,
    title={Quantitative relaxation of concurrent data structures},
    author={Henzinger, Thomas A and Kirsch, Christoph M and Payer, Hannes and Sezgin, Ali and Sokolova, Ana},
    booktitle={Proceedings of the 40th annual ACM SIGPLAN-SIGACT symposium on Principles of programming languages},
    pages={317--328},
    year={2013},
    organization={ACM}
}

@article{wimmer2013data,
    title={Data Structures for Task-based Priority Scheduling},
    author={Wimmer, Martin and Cederman, Daniel and Versaci, Francesco and Tr{\"a}ff, Jesper Larsson and Tsigas, Philippas},
    journal={arXiv preprint arXiv:1312.2501},
    year={2013}
}

@incollection{linden2013skiplist,
    title={A Skiplist-Based Concurrent Priority Queue with Minimal Memory Contention},
    author={Lind{\'e}n, Jonatan and Jonsson, Bengt},
    booktitle={Principles of Distributed Systems},
    pages={206--220},
    year={2013},
    publisher={Springer}
}

@book{cormen2001introduction,
    title={Introduction to algorithms},
    author={Cormen, Thomas H and Leiserson, Charles E and Rivest, Ronald L and Stein, Clifford and others},
    volume={2},
    year={2001},
    publisher={MIT press Cambridge}
}

@article{ellen2012inherent,
    title={On the Inherent Sequentiality of Concurrent Objects},
    author={Ellen, Faith and Hendler, Danny and Shavit, Nir},
    journal={SIAM Journal on Computing},
    volume={41},
    number={3},
    pages={519--536},
    year={2012},
    publisher={SIAM}
}

@article{alistarh2014spraylist,
    title={The SprayList: A Scalable Relaxed Priority Queue},
    author={Alistarh, Dan and Kopinsky, Justin and Li, Jerry and Shavit, Nir}
}

@article{herlihy1990linearizability,
    title={Linearizability: A correctness condition for concurrent objects},
    author={Herlihy, Maurice P and Wing, Jeannette M},
    journal={ACM Transactions on Programming Languages and Systems (TOPLAS)},
    volume={12},
    number={3},
    pages={463--492},
    year={1990},
    publisher={ACM}
}

@article{herlihy1993methodology,
    title={A methodology for implementing highly concurrent data objects},
    author={Herlihy, Maurice},
    journal={ACM Transactions on Programming Languages and Systems (TOPLAS)},
    volume={15},
    number={5},
    pages={745--770},
    year={1993},
    publisher={ACM}
}

@inproceedings{shavit2000skiplist,
    title={Skiplist-based concurrent priority queues},
    author={Shavit, Nir and Lotan, Itay},
    booktitle={Parallel and Distributed Processing Symposium, 2000. IPDPS 2000. Proceedings. 14th International},
    pages={263--268},
    year={2000},
    organization={IEEE}
}

@inproceedings{shavit1999scalable,
    title={Scalable concurrent priority queue algorithms},
    author={Shavit, Nir and Zemach, Asaph},
    booktitle={Proceedings of the eighteenth annual ACM symposium on Principles of distributed computing},
    pages={113--122},
    year={1999},
    organization={ACM}
}

@book{herlihy2012art,
    title={The Art of Multiprocessor Programming, Revised Reprint},
    author={Herlihy, Maurice and Shavit, Nir},
    year={2012},
    publisher={Elsevier}
}

@article{hunt1996efficient,
    title={An efficient algorithm for concurrent priority queue heaps},
    author={Hunt, Galen C and Michael, Maged M and Parthasarathy, Srinivasan and Scott, Michael L},
    journal={Information Processing Letters},
    volume={60},
    number={3},
    pages={151--157},
    year={1996},
    publisher={Elsevier}
}

@phdthesis{fraser2004practical,
    title={Practical lock-freedom},
    author={Fraser, Keir},
    year={2004},
    school={PhD thesis, Cambridge University Computer Laboratory, 2003. Also available as Technical Report UCAM-CL-TR-579}
}

@techreport{wicht2012binary,
    title={Binary Trees Implementations Comparison for Multicore Programming},
    author={Wicht, Baptiste and Evequoz, Claude},
    year={2012},
    institution={Information and Communications Technology, University of applied sciences in Fribourg}
}

@incollection{harris2001pragmatic,
    title={A pragmatic implementation of non-blocking linked-lists},
    author={Harris, Timothy L},
    booktitle={Distributed Computing},
    pages={300--314},
    year={2001},
    publisher={Springer}
}

@book{reinders2007intel,
    title={Intel threading building blocks: outfitting C++ for multi-core processor parallelism},
    author={Reinders, James},
    year={2007},
    publisher={" O'Reilly Media, Inc."}
}

@article{michael2004hazard,
    title={Hazard pointers: Safe memory reclamation for lock-free objects},
    author={Michael, Maged M},
    journal={Parallel and Distributed Systems, IEEE Transactions on},
    volume={15},
    number={6},
    pages={491--504},
    year={2004},
    publisher={IEEE}
}

@article{gidenstam2009efficient,
    title={Efficient and reliable lock-free memory reclamation based on reference counting},
    author={Gidenstam, Anders and Papatriantafilou, Marina and Sundell, H{\aa}kan and Tsigas, Philippas},
    journal={Parallel and Distributed Systems, IEEE Transactions on},
    volume={20},
    number={8},
    pages={1173--1187},
    year={2009},
    publisher={IEEE}
}

@inproceedings{liu2012mounds,
    title={Mounds: Array-Based Concurrent Priority Queues},
    author={Liu, Yujie and Spear, Michael},
    booktitle={Parallel Processing (ICPP), 2012 41st International Conference on},
    pages={1--10},
    year={2012},
    organization={IEEE}
}

@article{fredkin1960trie,
    title={Trie memory},
    author={Fredkin, Edward},
    journal={Communications of the ACM},
    volume={3},
    number={9},
    pages={490--499},
    year={1960},
    publisher={ACM}
}

@article{willard1983log,
    title={Log-logarithmic worst-case range queries are possible in space $\Theta$ (N)},
    author={Willard, Dan E},
    journal={Information Processing Letters},
    volume={17},
    number={2},
    pages={81--84},
    year={1983},
    publisher={Elsevier}
}

@inproceedings{prokopec2012concurrent,
    title={Concurrent tries with efficient non-blocking snapshots},
    author={Prokopec, Aleksandar and Bronson, Nathan Grasso and Bagwell, Phil and Odersky, Martin},
    booktitle={Acm Sigplan Notices},
    volume={47},
    number={8},
    pages={151--160},
    year={2012},
    organization={ACM}
}

@inproceedings{oshman2013skiptrie,
    title={The SkipTrie: low-depth concurrent search without rebalancing},
    author={Oshman, Rotem and Shavit, Nir},
    booktitle={Proceedings of the 2013 ACM symposium on Principles of distributed computing},
    pages={23--32},
    year={2013},
    organization={ACM}
}

@inproceedings{sundell2004scalable,
    title={Scalable and lock-free concurrent dictionaries},
    author={Sundell, H{\aa}kan and Tsigas, Philippas},
    booktitle={Proceedings of the 2004 ACM symposium on Applied computing},
    pages={1438--1445},
    year={2004},
    organization={ACM}
}

@article{hibbard1962some,
    title={Some combinatorial properties of certain trees with applications to searching and sorting},
    author={Hibbard, Thomas N},
    journal={Journal of the ACM (JACM)},
    volume={9},
    number={1},
    pages={13--28},
    year={1962},
    publisher={ACM}
}

@inproceedings{drachsler2014practical,
    title={Practical concurrent binary search trees via logical ordering},
    author={Drachsler, Dana and Vechev, Martin and Yahav, Eran},
    booktitle={Proceedings of the 19th ACM SIGPLAN symposium on Principles and practice of parallel programming},
    pages={343--356},
    year={2014},
    organization={ACM}
}

@incollection{crain2013contention,
    title={A contention-friendly binary search tree},
    author={Crain, Tyler and Gramoli, Vincent and Raynal, Michel},
    booktitle={Euro-Par 2013 Parallel Processing},
    pages={229--240},
    year={2013},
    publisher={Springer}
}

@inproceedings{mao2012cache,
    title={Cache craftiness for fast multicore key-value storage},
    author={Mao, Yandong and Kohler, Eddie and Morris, Robert Tappan},
    booktitle={Proceedings of the 7th ACM european conference on Computer Systems},
    pages={183--196},
    year={2012},
    organization={ACM}
}

@article{crain2012speculation,
    title={A speculation-friendly binary search tree},
    author={Crain, Tyler and Gramoli, Vincent and Raynal, Michel},
    journal={Acm Sigplan Notices},
    volume={47},
    number={8},
    pages={161--170},
    year={2012},
    publisher={ACM}
}

@inproceedings{chuong2010universal,
    title={A universal construction for wait-free transaction friendly data structures},
    author={Chuong, Phong and Ellen, Faith and Ramachandran, Vijaya},
    booktitle={Proceedings of the 22nd ACM symposium on Parallelism in algorithms and architectures},
    pages={335--344},
    year={2010},
    organization={ACM}
}

@inproceedings{barnes1993method,
    title={A method for implementing lock-free shared-data structures},
    author={Barnes, Greg},
    booktitle={Proceedings of the fifth annual ACM symposium on Parallel algorithms and architectures},
    pages={261--270},
    year={1993},
    organization={ACM}
}

@inproceedings{michael2002high,
    title={High performance dynamic lock-free hash tables and list-based sets},
    author={Michael, Maged M},
    booktitle={Proceedings of the fourteenth annual ACM symposium on Parallel algorithms and architectures},
    pages={73--82},
    year={2002},
    organization={ACM}
}

@article{gao2005lock,
    title={Lock-free dynamic hash tables with open addressing},
    author={Gao, Hui and Groote, Jan Friso and Hesselink, Wim H},
    journal={Distributed Computing},
    volume={18},
    number={1},
    pages={21--42},
    year={2005},
    publisher={Springer}
}

@article{shalev2006split,
    title={Split-ordered lists: Lock-free extensible hash tables},
    author={Shalev, Ori and Shavit, Nir},
    journal={Journal of the ACM (JACM)},
    volume={53},
    number={3},
    pages={379--405},
    year={2006},
    publisher={ACM}
}

@incollection{afek2012cbtree,
    title={CBTree: A practical concurrent self-adjusting search tree},
    author={Afek, Yehuda and Kaplan, Haim and Korenfeld, Boris and Morrison, Adam and Tarjan, Robert E},
    booktitle={Distributed Computing},
    pages={1--15},
    year={2012},
    publisher={Springer}
}

@inproceedings{guibas1978dichromatic,
    author = {Leonidas J. Guibas and Robert Sedgewick},
    title = {{A Dichromatic Framework for Balanced Trees}},
    booktitle = {IEEE Symposium on Foundations of Computer Science},
    year = {1978},
    pages = {8--21},
    doi = {10.1109/SFCS.1978.3},
    masid = {514259}
}

@article{kung1980concurrent,
    author = {H. T. Kung and Philip L. Lehman},
    title = {{Concurrent manipulation of binary search trees}},
    journal = {ACM Transactions on Database Systems},
    volume = {5},
    year = {1980},
    pages = {354--382},
    issue = {3},
    doi = {10.1145/320613.320619},
    masid = {803925}
}

@inproceedings{nurmi1991uncoupling,
    title={Uncoupling updating and rebalancing in chromatic binary search trees},
    author={Nurmi, Otto and Soisalon-Soininen, Eljas},
    booktitle={Proceedings of the tenth ACM SIGACT-SIGMOD-SIGART symposium on Principles of database systems},
    pages={192--198},
    year={1991},
    organization={ACM}
}

@inproceedings{howley2012non,
    title={A non-blocking internal binary search tree},
    author={Howley, Shane V and Jones, Jeremy},
    booktitle={Proceedinbgs of the 24th ACM symposium on Parallelism in algorithms and architectures},
    pages={161--171},
    year={2012},
    organization={ACM}
}

@inproceedings{fatourou2011highly,
    title={A highly-efficient wait-free universal construction},
    author={Fatourou, Panagiota and Kallimanis, Nikolaos D},
    booktitle={Proceedings of the twenty-third annual ACM symposium on Parallelism in algorithms and architectures},
    pages={325--334},
    year={2011},
    organization={ACM}
}

@inproceedings{bronson2010practical,
    title={A practical concurrent binary search tree},
    author={Bronson, Nathan G and Casper, Jared and Chafi, Hassan and Olukotun, Kunle},
    booktitle={ACM Sigplan Notices},
    volume={45},
    number={5},
    pages={257--268},
    year={2010},
    organization={ACM}
}

@inproceedings{herlihy2003software,
    title={Software transactional memory for dynamic-sized data structures},
    author={Herlihy, Maurice and Luchangco, Victor and Moir, Mark and Scherer III, William N},
    booktitle={Proceedings of the twenty-second annual symposium on Principles of distributed computing},
    pages={92--101},
    year={2003},
    organization={ACM}
}

@inproceedings{spiegel2010lock,
    title={Lock-free multiway search trees},
    author={Spiegel, Michael and Reynolds, PF},
    booktitle={Parallel Processing (ICPP), 2010 39th International Conference on},
    pages={604--613},
    year={2010},
    organization={IEEE}
}

@article{chatterjee2014efficient,
    title={Efficient Lock-free Binary Search Trees},
    author={Chatterjee, Bapi and Nguyen, Nhan and Tsigas, Philippas},
    journal={arXiv preprint arXiv:1404.3272},
    year={2014}
}

@inproceedings{ellen2010non,
    title={Non-blocking binary search trees},
    author={Ellen, Faith and Fatourou, Panagiota and Ruppert, Eric and van Breugel, Franck},
    booktitle={Proceedings of the 29th ACM SIGACT-SIGOPS symposium on Principles of distributed computing},
    pages={131--140},
    year={2010},
    organization={ACM}
}

@incollection{brown2011non,
    title={Non-blocking k-ary search trees},
    author={Brown, Trevor and Helga, Joanna},
    booktitle={Principles of Distributed Systems},
    pages={207--221},
    year={2011},
    publisher={Springer}
}

@inproceedings{natarajan2014fast,
    title={Fast concurrent lock-free binary search trees},
    author={Natarajan, Aravind and Mittal, Neeraj},
    booktitle={Proceedings of the 19th ACM SIGPLAN symposium on Principles and practice of parallel programming},
    pages={317--328},
    year={2014},
    organization={ACM}
}

@inproceedings{turek1992locking,
    title={Locking without blocking: making lock based concurrent data structure algorithms nonblocking},
    author={Turek, John and Shasha, Dennis and Prakash, Sundeep},
    booktitle={Proceedings of the eleventh ACM SIGACT-SIGMOD-SIGART symposium on Principles of database systems},
    pages={212--222},
    year={1992},
    organization={ACM}
}

@incollection{herlihy2007simple,
    title={A simple optimistic skiplist algorithm},
    author={Herlihy, Maurice and Lev, Yossi and Luchangco, Victor and Shavit, Nir},
    booktitle={Structural Information and Communication Complexity},
    pages={124--138},
    year={2007},
    publisher={Springer}
}

@inproceedings{fomitchev2004lock,
    title={Lock-free linked lists and skip lists},
    author={Fomitchev, Mikhail and Ruppert, Eric},
    booktitle={Proceedings of the twenty-third annual ACM symposium on Principles of distributed computing},
    pages={50--59},
    year={2004},
    organization={ACM}
}

@inproceedings{crain2013no,
    title={No hot spot non-blocking skip list},
    author={Crain, Tyler and Gramoli, Vincent and Raynal, Michel},
    booktitle={Distributed Computing Systems (ICDCS), 2013 IEEE 33rd International Conference on},
    pages={196--205},
    year={2013},
    organization={IEEE}
}

@article{dick2014logarithmic,
    title={Logarithmic Data Structures for Multicores},
    author={Dick, Ian and Fekete, Alan and Gramoli, Vincent},
    year={2014}
}


@inproceedings{ellen2014amortized,
    title={The amortized complexity of non-blocking binary search trees},
    author={Ellen, Faith and Fatourou, Panagiota and Helga, Joanna and Ruppert, Eric},
    booktitle={Proceedings of the 2014 ACM symposium on Principles of distributed computing},
    pages={332--340},
    year={2014},
    organization={ACM}
}

@inproceedings{brown2014general,
    title={A general technique for non-blocking trees},
    author={Brown, Trevor and Ellen, Faith and Ruppert, Eric},
    booktitle={Proceedings of the 19th ACM SIGPLAN symposium on Principles and practice of parallel programming},
    pages={329--342},
    year={2014},
    organization={ACM}
}

@inproceedings{arbel2014concurrent,
    author = {Arbel, Maya and Attiya, Hagit},
    title = {Concurrent Updates with RCU: Search Tree As an Example},
    booktitle = {Proceedings of the 2014 ACM Symposium on Principles of Distributed Computing},
    series = {PODC '14},
    year = {2014},
    isbn = {978-1-4503-2944-6},
    location = {Paris, France},
    pages = {196--205},
    numpages = {10},
    url = {http://doi.acm.org/10.1145/2611462.2611471},
    doi = {10.1145/2611462.2611471},
    acmid = {2611471},
    publisher = {ACM},
    address = {New York, NY, USA},
    keywords = {internal search tree, read-copy-update, shared memory},
} 

@article{ghemawat2009tcmalloc,
    title={Tcmalloc: Thread-caching malloc},
    author={Ghemawat, Sanjay and Menage, Paul},
    journal={http://goog-perftools.sourceforge.net/doc/tcmalloc.html},
    year={2009}
}

@ARTICLE{zhang2015lockfree, 
    author={Zhang, D. and Dechev, D.}, 
    journal={IEEE Transactions on Parallel and Distributed Systems}, 
    title={A Lock-free Priority Queue Design Based on Multi-dimensional Linked Lists}, 
    year={2015}, 
    volume={PP}, 
    number={99}, 
    pages={1-1}, 
    keywords={Algorithm design and analysis;Arrays;Indexes;Semantics;Throughput;Vectors;Concurrent Data Structure;Lock-freedom;Multi-dimensional List;Priority Queue;Skiplist}, 
    doi={10.1109/TPDS.2015.2419651}, 
    ISSN={1045-9219}, 
    month={},
}
